
@misc{
    MeltyFi,
    howpublished = "\url{https://github.com/VincenzoImp/MeltyFi}",
    author = "VincenzoImp",
    booktitle = "",
    month = "October",
    note = "",
    title = "MeltyFi GitHub repository",
    year = "2022"
}

@misc{
    NFTGo,
    howpublished = "\url{https://nftgo.io}",
    author = "",
    booktitle = "",
    month = "",
    note = "",
    title = "NFTGo",
    year = ""
}

@misc{
    BendDAO,
    howpublished = "\url{https://www.benddao.xyz}",
    author = "",
    booktitle = "",
    month = "",
    note = "",
    title = "BendDAO: Web3 Data Liquidity",
    year = ""
}

@misc{
    DropsDAO,
    howpublished = "\url{https://drops.co}",
    author = "",
    booktitle = "",
    month = "",
    note = "",
    title = "Drops: NFT As Collateral \& Instant NFT Loans",
    year = ""
}

@misc{
    LiquidNFTs,
    howpublished = "\url{https://liquidnfts.com}",
    author = "",
    booktitle = "",
    month = "",
    note = "",
    title = "LiquidNFTs: Borrow against your NFTs or fund loans to earn",
    year = ""
}

@misc{
    nftfi,
    howpublished = "\url{https://www.nftfi.com}",
    author = "",
    booktitle = "",
    month = "",
    note = "",
    title = "NFTfi: Borrow \& lend on the leading NFT liquidity protocol",
    year = ""
}

@misc{
    Arcade,
    howpublished = "\url{https://www.arcade.xyz}",
    author = "",
    booktitle = "",
    month = "",
    note = "",
    title = "Arcade: Decentralized NFT Loan Marketplace",
    year = ""
}

@misc{
    X2Y2,
    howpublished = "\url{https://x2y2.io}",
    author = "",
    booktitle = "",
    month = "",
    note = "",
    title = "X2Y2 Marketplace",
    year = ""
}

@misc{
    JPEG'd,
    howpublished = "\url{https://jpegd.io}",
    author = "",
    booktitle = "",
    month = "",
    note = "",
    title = "JPEG'd: bridging the gap between DeFi and NFTs",
    year = ""
}

@misc{
    Pine,
    howpublished = "\url{https://pine.loans}",
    author = "",
    booktitle = "",
    month = "",
    note = "",
    title = "Pine: Instant NFT Loans",
    year = ""
}

@misc{
    reNFT,
    howpublished = "\url{https://www.renft.io}",
    author = "",
    booktitle = "",
    month = "",
    note = "",
    title = "reNFT: Rental Infrastructure for the Metaverse",
    year = ""
}

@techreport{
    CRS_NFT, 
    author = "Kristen E. Busch",
    institution = "CRS Reports",
    month = "July",
    note = "\url{https://crsreports.congress.gov/product/pdf/R/R47189}",
    number = "R47189",
    title = "Non-Fungible Tokens (NFTs)",
    type = "Government Report",
    year = "2022"
}

@misc{
    ETH_NFT,
    howpublished = "\url{https://ethereum.org/en/nft}",
    author = "",
    booktitle = "",
    month = "",
    note = "",
    title = "Non-Fungible Tokens (NFT)",
    year = ""
}

@misc{
    FloorPrice,
    howpublished = "\url{https://blog.chain.link/what-is-an-nft-floor-price}",
    author = "Chainlink",
    booktitle = "",
    month = "October",
    note = "",
    title = "What Is an NFT Floor Price?",
    year = "2022"
}

@misc{
    NFT,
    howpublished = "\url{https://nonfungible.com/market-tracker}",
    author = "",
    booktitle = "",
    month = "",
    note = "",
    title = "NonFungible NFT Market History",
    year = ""
}

@misc{
    Beeple,
    howpublished = "\url{https://onlineonly.christies.com/s/first-open-beeple/beeple-b-1981-1/112924}",
    author = "",
    booktitle = "",
    month = "",
    note = "",
    title = "Christieâ€™s Beeple (b. 1981)",
    year = ""
}

@misc{
    Twttr,
    howpublished = "\url{https://v.cent.co/tweet/20}",
    author = "",
    booktitle = "",
    month = "",
    note = "",
    title = "Valuables Auction Site 'Just Setting up My Twttr'",
    year = ""
}

@article{ante2022non,
  title={The non-fungible token (NFT) market and its relationship with Bitcoin and Ethereum},
  author={Ante, Lennart},
  journal={FinTech},
  volume={1},
  number={3},
  pages={216--224},
  year={2022},
  publisher={MDPI}
}

@misc{
    coinmarketcap,
    howpublished = "\url{https://coinmarketcap.com}",
    author = "",
    booktitle = "",
    month = "",
    note = "",
    title = "CoinMarketCap",
    year = ""
}

@misc{
    whitepaper,
    howpublished = "\url{https://ethereum.org/en/whitepaper}",
    author = "Vitalik Buterin et al.",
    booktitle = "",
    month = "",
    note = "",
    title = "A next-generation smart contract
and decentralized application platform",
    year = ""
}

@article{la2022nft,
  title={NFT Wash Trading in the Ethereum Blockchain},
  author={La Morgia, Massimo and Mei, Alessandro and Mongardini, Alberto Maria and Nemmi, Eugenio Nerio},
  journal={arXiv preprint arXiv:2212.01225},
  year={2022}
}


@misc{
    aave,
    howpublished = "\url{https://aave.com}",
    author = "",
    booktitle = "",
    month = "",
    note = "",
    title = "Aave",
    year = ""
}

@misc{
    lamaaave,
    howpublished = "\url{https://defillama.com/protocol/aave}",
    author = "",
    booktitle = "",
    month = "",
    note = "",
    title = "Aave TVL",
    year = ""
}

@misc{
    compound,
    howpublished = "\url{https://compound.finance}",
    author = "",
    booktitle = "",
    month = "",
    note = "",
    title = "Compound",
    year = ""
}

@misc{
    lamacompound,
    howpublished = "\url{https://defillama.com/protocol/compound}",
    author = "",
    booktitle = "",
    month = "",
    note = "",
    title = "Compound TVL",
    year = ""
}

@article{doerr2021defi,
  title={DeFi risks and the decentralisation illusion},
  author={Doerr, Jon Frost and Kosse, Anneke and Khan, Asad and Lewrick, Ulf and Mojon, Beno{\^\i}t and Nolens, Benedicte and Rice, Tara},
  journal={BIS Quarterly Review},
  pages={21},
  year={2021}
}

@misc{
    liquidation,
    howpublished = "\url{https://www.investopedia.com/terms/l/liquidation.asp}",
    author = "",
    booktitle = "",
    month = "",
    note = "",
    title = "What Is Liquidation?",
    year = ""
}

@misc{
    liquiditypool,
    howpublished = "\url{https://www.gemini.com/cryptopedia/what-is-a-liquidity-pool-crypto-market-liquidity}",
    author = "",
    booktitle = "",
    month = "",
    note = "",
    title = "What Are Liquidity Pools?",
    year = ""
}

@inproceedings{qin2021empirical,
  title={An empirical study of defi liquidations: Incentives, risks, and instabilities},
  author={Qin, Kaihua and Zhou, Liyi and Gamito, Pablo and Jovanovic, Philipp and Gervais, Arthur},
  booktitle={Proceedings of the 21st ACM Internet Measurement Conference},
  pages={336--350},
  year={2021}
}

@misc{
    defiterm,
    howpublished = "\url{https://medium.com/coinmonks/what-is-liquidation-in-defi-lending-and-borrowing-platforms-3326e0ba8d0}",
    author = "",
    booktitle = "",
    month = "",
    note = "",
    title = "DeFi terms",
    year = ""
}

@misc{
    loantovalue,
    howpublished = "\url{https://coinmarketcap.com/alexandria/glossary/loan-to-value-ltv}",
    author = "",
    booktitle = "",
    month = "",
    note = "",
    title = "Loan-to-value (LTV)",
    year = ""
}

@misc{
    collateral,
    howpublished = "\url{https://www.investopedia.com/terms/c/collateral.asp}",
    author = "",
    booktitle = "",
    month = "",
    note = "",
    title = "Collateral Definition, Types, \& Examples",
    year = ""
}

@misc{
    defi,
    howpublished = "\url{https://www.investopedia.com/decentralized-finance-defi-5113835}",
    author = "",
    booktitle = "",
    month = "",
    note = "",
    title = "What Is Decentralized Finance (DeFi) and How Does It Work?",
    year = ""
}

@misc{
    chocolatefactory,
    howpublished = "\url{https://www.warnerbros.com/movies/charlie-and-chocolate-factory}",
    author = "",
    booktitle = "",
    month = "July",
    note = "",
    title = "Charlie and the Chocolate Factory",
    year = "2005"
}

@misc{
    art1,
    howpublished = "\url{https://forkast.news/nft-backed-loans-gain-traction-risks}",
    author = "Monika Ghosh",
    booktitle = "",
    month = "",
    note = "",
    title = "NFT-backed loans gain traction, but what are the risks?",
    year = ""
}

@misc{
    art2,
    howpublished = "\url{https://www.one37pm.com/nft/using-nfts-as-collateral}",
    author = "Alex White-Gomez",
    booktitle = "",
    month = "October",
    note = "",
    title = "Using NFTs As Collateral: A Crash Course With Franklinisbored",
    year = "2022"
}

@misc{
    art3,
    howpublished = "\url{https://www.coindesk.com/business/2022/08/22/bank-run-at-nft-lender-benddao-prompts-attempt-to-avert-another-liquidity-crisis}",
    author = "Danny Nelson",
    booktitle = "",
    month = "August",
    note = "",
    title = "Bank Run at NFT Lender BendDAO Prompts Attempt to Avert Another Liquidity Crisis",
    year = "2022"
}

@misc{
    art4,
    howpublished = "\url{https://www.bloomberg.com/news/articles/2022-08-23/nft-lender-seeks-to-ease-liquidity-crisis-with-protocol-changes}",
    author = "David Pan",
    booktitle = "",
    month = "August",
    note = "",
    title = "Rising Ether Prices Spark Liquidity Crisis at NFT Lender BendDAO",
    year = "2022"
}

@misc{
    nodejs,
    howpublished = "\url{https://nodejs.org}",
    author = "",
    booktitle = "",
    month = "",
    note = "",
    title = "Node.js",
    year = ""
}

@misc{
    openzeppelin,
    howpublished = "\url{https://www.npmjs.com/package/@openzeppelin/contracts}",
    author = "",
    booktitle = "",
    month = "",
    note = "",
    title = "Openzeppelin contracts",
    year = ""
}

@misc{
    chainlink,
    howpublished = "\url{https://www.npmjs.com/package/@chainlink/contracts}",
    author = "",
    booktitle = "",
    month = "",
    note = "",
    title = "Chainlink contracts",
    year = ""
}

@misc{
    hardhat,
    howpublished = "\url{https://www.npmjs.com/package/hardhat}",
    author = "",
    booktitle = "",
    month = "",
    note = "",
    title = "HardHat",
    year = ""
}

@misc{
    hardhattoolbox,
    howpublished = "\url{https://www.npmjs.com/package/@nomicfoundation/hardhat-toolbox}",
    author = "",
    booktitle = "",
    month = "",
    note = "",
    title = "HardHat toolbox",
    year = ""
}

@misc{
    hardhatdocgen,
    howpublished = "\url{https://www.npmjs.com/package/hardhat-docgen}",
    author = "",
    booktitle = "",
    month = "",
    note = "",
    title = "HardHat docgen",
    year = ""
}

@misc{
    dotenv,
    howpublished = "\url{https://www.npmjs.com/package/dotenv}",
    author = "",
    booktitle = "",
    month = "",
    note = "",
    title = "Dotenv",
    year = ""
}

@misc{
    alchemyapi,
    howpublished = "\url{https://docs.alchemy.com/reference/api-overview}",
    author = "",
    booktitle = "",
    month = "",
    note = "",
    title = "Alchemy API",
    year = ""
}

@misc{
    etherscanapi,
    howpublished = "\url{https://etherscan.io/apis}",
    author = "",
    booktitle = "",
    month = "",
    note = "",
    title = "Etherscan API",
    year = ""
}

@misc{
    remix,
    howpublished = "\url{https://remix-project.org}",
    author = "",
    booktitle = "",
    month = "",
    note = "",
    title = "Remix: The Native IDE for Web3 Development",
    year = ""
}

@misc{
    metamask,
    howpublished = "\url{https://metamask.io}",
    author = "",
    booktitle = "",
    month = "",
    note = "",
    title = "MetaMask: The crypto wallet for Defi, Web3 Dapps and NFTs",
    year = ""
}

@misc{
    goerlifaucet,
    howpublished = "\url{https://goerlifaucet.com}",
    author = "",
    booktitle = "",
    month = "",
    note = "",
    title = "Goerli Faucet",
    year = ""
}

@misc{
    linkfaucet,
    howpublished = "\url{https://faucets.chain.link}",
    author = "",
    booktitle = "",
    month = "",
    note = "",
    title = "Link Faucet",
    year = ""
}


@misc{
    goerlitestnet,
    howpublished = "\url{https://goerli.net}",
    author = "",
    booktitle = "",
    month = "",
    note = "",
    title = "Gerli Testnet",
    year = ""
}

@misc{
    GerliEtherscan,
    howpublished = "\url{https://goerli.etherscan.io}",
    author = "",
    booktitle = "",
    month = "",
    note = "",
    title = "Goerli Etherscan",
    year = ""
}

@misc{
    thirdweb,
    howpublished = "\url{https://thirdweb.com}",
    author = "",
    booktitle = "",
    month = "",
    note = "",
    title = "thirdweb: The complete web3 development framework",
    year = ""
}

@misc{
    react,
    howpublished = "\url{https://reactjs.org}",
    author = "",
    booktitle = "",
    month = "",
    note = "",
    title = "React: A JavaScript library for building user interfaces",
    year = ""
}

@misc{
    ethersJS,
    howpublished = "\url{https://ethers.org}",
    author = "",
    booktitle = "",
    month = "",
    note = "",
    title = "ethers.js: a simple, compact and complete library for all your Ethereum needs",
    year = ""
}

@misc{
    testnetsAPI,
    howpublished = "\url{https://docs.opensea.io/reference/testnets-api-overview}",
    author = "",
    booktitle = "",
    month = "",
    note = "",
    title = "OpenSea testnets API",
    year = ""
}

@misc{
    reactbootstrap,
    howpublished = "\url{https://react-bootstrap.github.io}",
    author = "",
    booktitle = "",
    month = "",
    note = "",
    title = "React Bootstrap: The most popular front-end framework",
    year = ""
}

@misc{
    oracleautomation,
    howpublished = "\url{https://docs.chain.link/chainlink-automation/register-upkeep}",
    author = "",
    booktitle = "",
    month = "",
    note = "",
    title = "Chainlink cunstom logic automation",
    year = ""
}


@misc{
    oraclerandom,
    howpublished = "\url{https://docs.chain.link/vrf/v2/direct-funding}",
    author = "",
    booktitle = "",
    month = "",
    note = "",
    title = "Chainlink VRF Direct Funding",
    year = ""
}